@book{ued,
	author = "Christian Moser",
	title = "{U}ser {E}xperience {D}esign",
	publisher = "Springer Vieweg",
	year = "2012"
}

@misc{oxfordchat,
	title = {chat - definition of chat in English | Oxford Dictionaries},
	url = {https://en.oxforddictionaries.com/definition/chat},
	journal = {OnPageWiki},
	year = 1999,
	month = dec,
	day = 24,
	note = {Accessed: 2017-04-21, 16:30}
}

@misc{oxfordconversation,
	title = {conversation - definition of conversation in English | Oxford Dictionaries},
	url = {https://en.oxforddictionaries.com/definition/conversation},
	journal = {OnPageWiki},
	year = 1999,
	month = dec,
	day = 24,
	note = {Accessed: 2017-04-21, 17:21}
}

@misc{oxfordbot,
	title = {bot - definition of bot in English | Oxford Dictionaries},
	url = {https://en.oxforddictionaries.com/definition/bot},
	journal = {OnPageWiki},
	year = 1999,
	month = dec,
	day = 24,
	note = {Accessed: 2017-04-21, 17:33}
}

@misc{w3c_iframes,
	title = {HTML 4.01 Specification: Frames},
	url = {https://www.w3.org/TR/html401/present/frames.html#h-16.5},
	journal = {w3.org},
	year = 1999,
	month = dec,
	day = 24,
	note = {Accessed: 2017-01-21, 18:21}
}

